@ARTICLE{guia,
title = {Introduction to semiconductors radiation detectors: Transient Current Technique characterization of a PIN semiconductor diode using a 70 nm laser.},
volume = {G71. Elementary Particle Physics Lab Session},
}

@book{nickname,
author = {Gregor Kramberger},
title = {Signal development in irradiated silicon detectors},
edition = {CERN-THESIS-2001-038},
year = {2001},
url = { \url{http://cds.cern.ch/record/1390490?ln=es}}
}