@misc{Resonador,
	author = {Jaime Díez González-Pardo},
	title = {ResonadorSim},
	note = {Script: Mainresonador.py},	
	howpublished = {\url{https://github.com/Jaimedgp/Last-Course-University/tree/master/Fotonica/ResonadorSim}
	
}
