@misc{Speckle,
	author = {Jaime Díez González-Pardo},
	title = {ResonadorSim},
	note = {Script: Main.py},	
	howpublished = {\url{https://github.com/Jaimedgp/Last-Course-University/tree/master/Fotonica/Speckle}}
	
}
