@article{physics/0502103,
Author = {Thomas Coan and Tiankuan Liu and Jingbo Ye},
Title = {A Compact Apparatus for Muon Lifetime Measurement and Time Dilation Demonstration in the Undergraduate Laboratory},
Year = {2005},
Eprint = {arXiv:physics/0502103},
Howpublished = {Am.J.Phys. 74 (2006) 161-164},
Doi = {10.1119/1.2135319},
}

@article{guia,
	Author = {Pablo {M}artínez {R}uiz del {Á}rbol},
	Title = {Measurement of the muon life time},
	Year = {2017},
}

@misc{TeachSpin,
  Title = {Teach {S}pin},
  howpublished = {\url{https://www.teachspin.com/muon-physics}},
  note = {Accessed: 2019-04-10}
}

@misc{MULTIDAQ,
  author = {Jaime {D}íez {G}onzález-{P}ardo},
  Title = {Muon {L}ife {TI}me {D}ata {A}c{Q}uisition program ({MULTI-DAQ})},
  howpublished = {\url{https://github.com/Jaimedgp/Muon-Experiment-reader}},
  note = {Accessed: 2019-04-10},
}

@misc{FECYT,
  Title = {Convocatoria de ayudas para el fomento de la cultura científica, tecnológica y de la innovación},
  howpublished = {\url{https://www.convocatoria.fecyt.es/publico/Bases/Bases.aspx}},
  note = {Accessed: 2019-04-10},
}

