@misc{Resonador,
	author = {Jaime Díez González-Pardo},
	title = {SignalSim},
	note = {Script: Exp.py},	
	howpublished = {\url{https://github.com/Jaimedgp/Last-Course-University/tree/master/Fotonica/SignalSim}}
	
}