@misc{Plank,
Author = { Planck Collaboration and N. Aghanim and Y. Akrami and M. Ashdown et al.},
Title = {Planck 2018 results. VI. Cosmological parameters},
Year = {2018},
howpublished = {arXiv:1807.06209}
}

@misc{NasaEdadUniv,
title = {Planck Mission Brings Universe Into Sharp Focus},
year = {2013},
howpublished = {\url{https://www.jpl.nasa.gov/news/news.php?release=2013-109}}
}

@misc{Calculadoras,
title = {COSMOLOGY CALCULATORS},
year = {Latest Revision: 26 March 2013},
howpublished = {\url{https://ned.ipac.caltech.edu/help/cosmology_calc.html}}
}

@misc{codigo,
author = {Jaime {D}íez {G}onzález-{P}ardo},
title = {Calculadora {C}osmologica},
howpublished = {\url{https://github.com/Jaimedgp/Last-Course-University/tree/master/Astrofisica/CalcCosmologica/python-src}}
}

@misc{CalculadorasI,
author = {Ned Wright, UCLA},
title = {Cosmology Calculator {I}},
howpublished = {\url{http://www.astro.ucla.edu/~wright/CosmoCalc.html}}
}

@misc{CalculadorasII,
author = {Nick Gnedin, University of Colorado},
title = {Cosmology {C}alculator II, {C}osmological {C}alculator for the {F}lat {U}niverse},
howpublished = {\url{http://home.fnal.gov/~gnedin/cc/}}
}